@article{TOAST,
  author    = {M. Snaith and C. Reed},
  title     = { TOAST: online ASPIC+ implementation.},
  journal   = {In Proceedings of the Fourth International Conference on Computational Models of Argument},
  volume    = {COMMA 2012},
  year      = {2012},
  url       = {},
  archivePrefix = {},
  eprint    = {},
  timestamp = {},
  biburl    = {},
  bibsource = {}
}
@article{ASPIC,
  author    = {S.J. Modgil and H. Prakken},
  title     = {The ASPIC+ framework for structured argumentation: a tutorial},
  journal   = {Argument and Computation},
  volume    = {5},
  year      = {2014},
  url       = {},
  archivePrefix = {},
  eprint    = {},
  timestamp = {},
  biburl    = {},
  bibsource = {}
}
